%% This BibTeX bibliography file was created using BibDesk.
%% http://bibdesk.sourceforge.net/


%% Saved with string encoding Unicode (UTF-8) 
@misc{winCisco,
  title = {{Cisco.} Cisco Visual Network Index, 2015},
  howpublished = {\url{http://www.cisco.com/c/en/us/solutions/collateral/service-provider/visual-networking-index-vni/complete-white-paper-c11-481360.html}},
  note = {Accessed: 2010-04-01}
}

@misc{caida,
  title = {Center for Applied Internet Data Analysis, 2009},
  howpublished = {\url{https://www.caida.org/research/traffic-analysis/tcpudpratio/}},
  note = {Accessed: 2010-04-01}
}
@misc{winfirst,
  title = {First International Workshop on Protocols for Fast Long-Distance Networks, 2004},
  howpublished = {\url{https://datatag.web.cern.ch/datatag/pfldnet2003/}},
  note = {Accessed: 2010-04-01}
}

@misc{ipj,
	title = {Gigabit TCP, The Internet Protocol journal, Volume-9},
    howpublished = {\url{http://www.cisco.com/c/en/us/about/press/internet-protocol-journal/back-issues/table-contents-16/gigabit-tcp.html}},
  note = {Accessed: 2010-04-01}
}
@article{shokrollahi2006raptor,
  title={Raptor codes},
  author={Shokrollahi, Amin},
  journal={IEEE transactions on information theory},
  volume={52},
  number={6},
  pages={2551--2567},
  year={2006},
  publisher={IEEE}
}
@inproceedings{bonald2009law,
  title={Is the''Law of the Jungle''Sustainable for the Internet?},
  author={Bonald, Thomas and Feuillet, Mathieu and Proutiere, Alexandre},
  booktitle={INFOCOM 2009, IEEE},
  pages={28--36},
  year={2009},
  organization={IEEE}
}

@misc{griesser2009forward,
  title={Forward error correction coding},
  author={Griesser, Helmut and Elbers, Joerg-Peter},
  year={2009},
  month=jan # "~27",
  publisher={Google Patents},
  note={US Patent 7,484,165}
}

@article{mladenov2011implementation,
  title={Implementation and evaluation of Raptor codes on embedded systems},
  author={Mladenov, Todor and Nooshabadi, Saeid and Kim, Keseon},
  journal={IEEE Transactions on Computers},
  volume={60},
  number={12},
  pages={1678--1691},
  year={2011},
  publisher={IEEE}
}

@article{ha2017block,
  title={Block Recovery Rate-Based Unequal Error Protection for Three-Screen TV},
  author={Ha, Hojin and Ryu, Eun-Seok},
  journal={Applied Sciences},
  volume={7},
  number={2},
  pages={186},
  year={2017},
  publisher={Multidisciplinary Digital Publishing Institute}
}



@article{floyd2003highspeed,
  title={HighSpeed TCP for large congestion windows},
  author={Floyd, Sally},
  year={2003}
}
@inproceedings{leith2004h,
  title={H-TCP: TCP for high-speed and long-distance networks},
  author={Leith, Douglas and Shorten, Robert},
  booktitle={Proceedings of PFLDnet},
  volume={2004},
  year={2004}
}
@article{ha2008cubic,
  title={CUBIC: a new TCP-friendly high-speed TCP variant},
  author={Ha, Sangtae and Rhee, Injong and Xu, Lisong},
  journal={ACM SIGOPS Operating Systems Review},
  volume={42},
  number={5},
  pages={64--74},
  year={2008},
  publisher={ACM}
}

@inproceedings{xu2004binary,
  title={Binary increase congestion control (BIC) for fast long-distance networks},
  author={Xu, Lisong and Harfoush, Khaled and Rhee, Injong},
  booktitle={INFOCOM 2004. Twenty-third AnnualJoint Conference of the IEEE Computer and Communications Societies},
  volume={4},
  pages={2514--2524},
  year={2004},
  organization={IEEE}
}
@inproceedings{baiocchi2007yeah,
  title={YeAH-TCP: yet another highspeed TCP},
  author={Baiocchi, Andrea and Castellani, Angelo P and Vacirca, Francesco},
  booktitle={Proc. PFLDnet},
  volume={7},
  pages={37--42},
  year={2007}
}
@inproceedings{tan2006compound,
  title={A compound TCP approach for high-speed and long distance networks},
  author={Tan, Kun and Song, Jingmin and Zhang, Qian and Sridharan, Murad},
  booktitle={Proceedings-IEEE INFOCOM},
  year={2006}
}


@article{petrov2015evolution,
  title={Evolution of TCP in High Speed Networks},
  author={Petrov, Ivan and Janevski, Toni},
  journal={International Journal of Future Generation Communication and Networking},
  volume={8},
  number={2},
  pages={137--186},
  year={2015},
  publisher={SCIENCE \& ENGINEERING RESEARCH SUPPORT SOC RM 402, MAN-JE BLDG, 449-8 OJUNG-DONG, DAEDOEK-GU, DAEJON, 00000, SOUTH KOREA}
}


@article{alrshah2014comparative,
  title={Comparative study of high-speed Linux TCP variants over high-BDP networks},
  author={Alrshah, Mohamed A and Othman, Mohamed and Ali, Borhanuddin and Hanapi, Zurina Mohd},
  journal={Journal of Network and Computer Applications},
  volume={43},
  pages={66--75},
  year={2014},
  publisher={Elsevier}
}


@article{luby2007rfc,
  title={RFC 5053: Raptor forward error correction scheme: Scheme for object delivery},
  author={Luby, M and Shokrollahi, A and Watson, M and Stockhammer, T},
  journal={Tech. rep.). IETF, Tech. Rep.},
  year={2007}
}
@article{mackay2005fountain,
  title={Fountain codes},
  author={MacKay, David JC},
  journal={IEE Proceedings-Communications},
  volume={152},
  number={6},
  pages={1062--1068},
  year={2005},
  publisher={IET}
}

@inproceedings{luby2007high,
  title={High-quality video distribution using power line communication and aplication layer forward error correction},
  author={Luby, Mike and Watson, Mark and Gasiba, Tiago and Stockhammer, Thomas},
  booktitle={Power Line Communications and Its Applications, 2007. ISPLC'07. IEEE International Symposium on},
  pages={431--436},
  year={2007},
  organization={IEEE}
}

@article{stockhammer2008application,
  title={Application layer forward error correction for mobile multimedia broadcasting},
  author={Stockhammer, Thomas and Shokrollahi, Amin and Watson, Mark and Luby, Michael and Gasiba, Tiago},
  journal={Handbook of mobile broadcasting: DVB-H, DMB, ISDB-T and media flo},
  pages={239--280},
  year={2008},
  publisher={Boca Raton, FL, USA: CRC}
}
@book{sturley1953radio,
  title={Radio receiver design},
  author={Sturley, Kenneth Reginald},
  year={1953},
  publisher={Chapman \& Hall}
}

@incollection{shokrollahi2009theory,
  title={Theory and applications of Raptor codes},
  author={Shokrollahi, Amin},
  booktitle={Mathknow},
  pages={59--89},
  year={2009},
  publisher={Springer}
}

@inproceedings{luby2006raptor,
  title={Raptor codes for reliable download delivery in wireless broadcast systems},
  author={Luby, Michael and Watson, Mark and Gasiba, Tiago and Stockhammer, Thomas and Xu, Wen},
  booktitle={Consumer Communications and Networking Conference, 2006. CCNC 2006. 3rd IEEE},
  volume={1},
  pages={192--197},
  year={2006},
  organization={IEEE}
}

@article{kim2008performance,
  title={Performance analysis of forward error correcting codes in IPTV},
  author={Kim, Sung Won and Kim, Sun Young and Kim, Saejoon and Heo, Jun},
  journal={IEEE Transactions on Consumer Electronics},
  volume={54},
  number={2},
  year={2008},
  publisher={IEEE}
}
@article{sivasubramanian2008fixed,
  title={Fixed-rate Raptor codes over Rician fading channels},
  author={Sivasubramanian, Bharathram and Leib, Harry},
  journal={IEEE transactions on vehicular technology},
  volume={57},
  number={6},
  pages={3905--3911},
  year={2008},
  publisher={IEEE}
}
@article{luby2007reliable,
  title={Reliable multimedia download delivery in cellular broadcast networks},
  author={Luby, Michael and Gasiba, Tiago and Stockhammer, Thomas and Watson, Mark},
  journal={IEEE Transactions on Broadcasting},
  volume={53},
  number={1},
  pages={235--246},
  year={2007},
  publisher={IEEE}
}

@inproceedings{johanson2003adaptive,
  title={Adaptive forward error correction for real-time internet video},
  author={Johanson, Mathias},
  booktitle={Proceedings of the 13th Packet Video Workshop, Nantes, France},
  year={2003}
}

@article{zheng2001improved,
  title={An improved UDP protocol for video transmission over internet-to-wireless networks},
  author={Zheng, Haitao and Boyce, Jill},
  journal={IEEE Transactions on Multimedia},
  volume={3},
  number={3},
  pages={356--365},
  year={2001},
  publisher={IEEE}
}

@inproceedings{zhang2009analysis,
  title={Analysis of udp traffic usage on internet backbone links},
  author={Zhang, Min and Dusi, Maurizio and John, Wolfgang and Chen, Changjia},
  booktitle={Applications and the Internet, 2009. SAINT'09. Ninth Annual International Symposium on},
  pages={280--281},
  year={2009},
  organization={IEEE}
}

@inproceedings{palanisamy2008performance,
  title={Performance analysis of raptor codes in ofdm systems},
  author={Palanisamy, P and Sreedhar, TVS},
  booktitle={Emerging Trends in Engineering and Technology, 2008. ICETET'08. First International Conference on},
  pages={1307--1312},
  year={2008},
  organization={IEEE}
}
@inproceedings{palanisamy2008performance1,
  title={Performance analysis of raptor codes in wi-max systems over fading channel},
  author={Palanisamy, P and Sreedhar, TVS},
  booktitle={TENCON 2008-2008 IEEE Region 10 Conference},
  pages={1--5},
  year={2008},
  organization={IEEE}
}



@inproceedings{shmueli2004effects,
  title={Effects of frame rate, frame size and MPEG2 compression on the perceived compressed video quality transmitted over lossy IP networks},
  author={Shmueli, R and Huber, R and Hadar, O},
  booktitle={Information Technology: Research and Education, 2004. ITRE 2004. 2nd International Conference on},
  pages={49--54},
  year={2004},
  organization={IEEE}
}

@article{afanasyev2010host,
  title={Host-to-host congestion control for TCP},
  author={Afanasyev, Alexander and Tilley, Neil and Reiher, Peter and Kleinrock, Leonard},
  journal={IEEE Communications surveys \& tutorials},
  volume={12},
  number={3},
  pages={304--342},
  year={2010},
  publisher={IEEE}
}

@article{molnar2009comprehensive,
  title={A comprehensive TCP fairness analysis in high speed networks},
  author={Moln{\'a}r, S{\'a}ndor and Sonkoly, Bal{\'a}zs and Trinh, Tuan Anh},
  journal={Computer Communications},
  volume={32},
  number={13},
  pages={1460--1484},
  year={2009},
  publisher={Elsevier}
}

@article{li2007experimental,
  title={Experimental evaluation of TCP protocols for high-speed networks},
  author={Li, Yee-Ting and Leith, Douglas and Shorten, Robert N},
  journal={IEEE/ACM Transactions on networking},
  volume={15},
  number={5},
  pages={1109--1122},
  year={2007},
  publisher={IEEE}
}

@inproceedings{molnar2013data,
  title={Data transfer paradigms for future networks: Fountain coding or congestion control?},
  author={Moln{\'a}r, S{\'a}ndor and M{\'o}cz{\'a}r, Zolt{\'a}n and Temesv{\'a}ry, Andr{\'a}s and Sonkoly, Bal{\'a}zs and Solymos, Szil{\'a}rd and Csicsics, Tam{\'a}s},
  booktitle={IFIP Networking Conference, 2013},
  pages={1--9},
  year={2013},
  organization={IEEE}
}

@book{peterson1972error,
  title={Error-correcting codes},
  author={Peterson, William Wesley and Weldon, Edward J},
  year={1972},
  publisher={MIT press}
}

@book{macwilliams1977theory,
  title={The theory of error correcting codes},
  author={MacWilliams, Florence Jessie and Sloane, Neil James Alexander},
  year={1977},
  publisher={Elsevier}
}
@book{blahut1983theory,
  title={Theory and practice of error control codes},
  author={Blahut, Richard E},
  volume={126},
  year={1983},
  publisher={Addison-Wesley Reading (Ma) etc.}
}
@book{lin2004error,
  title={Error control coding},
  author={Lin, Shu and Costello, Daniel J},
  year={2004},
  publisher={Pearson Education India}
}
@misc{khisti2003tornado,
  title={Tornado codes and luby transform codes},
  author={Khisti, Ashish},
  journal={2003-10). http://Web. mit. edu/6. 454/www/www fall 2003/khisti/tor\_summary, pdf},
  year={2003},
  publisher={Citeseer}
}
@article{gallager1962low,
  title={Low-density parity-check codes},
  author={Gallager, Robert},
  journal={IRE Transactions on information theory},
  volume={8},
  number={1},
  pages={21--28},
  year={1962},
  publisher={IEEE}
}

@article{wu2013fast,
  title={A fast raptor codes decoding strategy for real-time communication systems},
  author={Wu, Yeqing and Hu, Fei and Sun, Qingquan and Bao, Ke and Guo, Mengcheng},
  journal={Network and Communication Technologies},
  volume={2},
  number={2},
  pages={29},
  year={2013}
}
@article{sundararajan2011network,
  title={Network coding meets TCP: Theory and implementation},
  author={Sundararajan, Jay Kumar and Shah, Devavrat and M{\'e}dard, Muriel and Jakubczak, Szymon and Mitzenmacher, Michael and Barros, Joao},
  journal={Proceedings of the IEEE},
  volume={99},
  number={3},
  pages={490--512},
  year={2011},
  publisher={IEEE}
}
@inproceedings{lopez2005game,
  title={A game theoretic analysis of protocols based on fountain codes},
  author={L{\'o}pez, Luis and Fern{\'a}ndez, Antonio and Cholvi, Vicent},
  booktitle={10th IEEE Symposium on Computers and Communications (ISCC'05)},
  pages={625--630},
  year={2005},
  organization={IEEE}
}
@inproceedings{botocs2010analysis,
  title={Analysis of a transport protocol based on rateless erasure correcting codes},
  author={Boto{\c{s}}, Anghel and Polgar, Zsolt A and Bota, Vasile},
  booktitle={Intelligent Computer Communication and Processing (ICCP), 2010 IEEE International Conference on},
  pages={465--471},
  year={2010},
  organization={IEEE}
}
@inproceedings{kumar2009analysis,
  title={Analysis of a fountain codes based transport in an 802.11 wlan cell},
  author={Kumar, Dinesh and Chahed, Tijani and Altman, Eitan},
  booktitle={Teletraffic Congress, 2009. ITC 21 2009. 21st International},
  pages={1--8},
  year={2009},
  organization={IEEE}
}
@techreport{luby2007raptor,
  title={Raptor forward error correction scheme for object delivery},
  author={Luby, Michael and Shokrollahi, Amin and Watson, Mark and Stockhammer, Thomas},
  year={2007}
}
@inproceedings{huang2008tcp,
  title={TCP performance in coded wireless mesh networks},
  author={Huang, Yong and Ghaderi, Majid and Towsley, Don and Gong, Weibo},
  booktitle={2008 5th Annual IEEE Communications Society Conference on Sensor, Mesh and Ad Hoc Communications and Networks},
  pages={179--187},
  year={2008},
  organization={IEEE}
}

@inproceedings{long2010performance,
  title={Performance analysis of reliable dynamic buffer UDP over wireless networks},
  author={Long, Wang and Zhenkai, Wan},
  booktitle={Computer Modeling and Simulation, 2010. ICCMS'10. Second International Conference on},
  volume={1},
  pages={114--117},
  year={2010},
  organization={IEEE}
}

@inproceedings{mascolo2001tcp,
  title={TCP westwood: Bandwidth estimation for enhanced transport over wireless links},
  author={Mascolo, Saverio and Casetti, Claudio and Gerla, Mario and Sanadidi, Medy Y and Wang, Ren},
  booktitle={Proceedings of the 7th annual international conference on Mobile computing and networking},
  pages={287--297},
  year={2001},
  organization={ACM}
}
@article{chen2005hybrid,
  title={Hybrid and forward error correction transmission techniques for unreliable transport of 3D geometry},
  author={Chen, Zhihua and Barnes, J Fritz and Bodenheimer, Bobby},
  journal={Multimedia Systems},
  volume={10},
  number={3},
  pages={230--244},
  year={2005},
  publisher={Springer}
}
@book{farrell2006essentials,
  title={Essentials of error-control coding},
  author={Farrell, Patrick Guy and others},
  year={2006},
  publisher={John Wiley \& Sons}
}

@misc{rfc6330,
	series =	{Request for Comments},
	number =	6330,
	howpublished =	{RFC 6330},
	publisher =	{RFC Editor},
	doi =		{10.17487/rfc6330},
	url =		{https://rfc-editor.org/rfc/rfc6330.txt},
	author =	{Lorenz Minder and Amin Shokrollahi and Mark Watson and Michael Luby and Thomas Stockhammer},
	title =		{{RaptorQ Forward Error Correction Scheme for Object Delivery}},
	pagetotal =	69,
	year =		2011,
	month =		aug,
	abstract =	{This document describes a Fully-Specified Forward Error Correction (FEC) scheme, corresponding to FEC Encoding ID 6, for the RaptorQ FEC code and its application to reliable delivery of data objects.},
}

	